<?xml version="1.0" encoding="UTF-8"?>
<record>
  <leader>00956cam a22003131  4500</leader>
  <controlfield tag="000">c</controlfield>
  <controlfield tag="001">922414</controlfield>
  <controlfield tag="008">100118                a          00nob 9</controlfield>
  <datafield tag="015" ind1=" " ind2=" ">
    <subfield code="a">1056784</subfield>
    <subfield code="b">BibliofilID</subfield>
  </datafield>
  <datafield tag="015" ind1=" " ind2=" ">
    <subfield code="a">40188</subfield>
    <subfield code="b">Dugnadsbasen i BIBLIOFIL</subfield>
  </datafield>
  <datafield tag="019" ind1=" " ind2=" ">
    <subfield code="b">l</subfield>
  </datafield>
  <datafield tag="020" ind1=" " ind2=" ">
    <subfield code="a">9788290128642</subfield>
    <subfield code="b">ib.</subfield>
  </datafield>
  <datafield tag="082" ind1="3" ind2=" ">
    <subfield code="a">709.4821</subfield>
    <subfield code="z">h</subfield>
    <subfield code="2">d</subfield>
  </datafield>
  <datafield tag="090" ind1=" " ind2=" ">
    <subfield code="b">q</subfield>
    <subfield code="c">709.4821</subfield>
    <subfield code="d">Sør</subfield>
  </datafield>
  <datafield tag="100" ind1=" " ind2="0">
    <subfield code="a">Sørensen, Gunnar</subfield>
    <subfield code="d">1947-</subfield>
    <subfield code="j">n.</subfield>
    <subfield code="3">15194500</subfield>
  </datafield>
  <datafield tag="245" ind1="1" ind2="0">
    <subfield code="a">Fargelegg byen!</subfield>
    <subfield code="b">Oslo kommunes utsmykninger</subfield>
    <subfield code="c">Gunnar Sørensen</subfield>
  </datafield>
  <datafield tag="260" ind1=" " ind2=" ">
    <subfield code="a">Oslo</subfield>
    <subfield code="b">Oslo kommune, Kulturetaten</subfield>
    <subfield code="b">Unipub</subfield>
    <subfield code="c">2009</subfield>
  </datafield>
  <datafield tag="300" ind1=" " ind2=" ">
    <subfield code="a">456 s.</subfield>
    <subfield code="b">kol. ill.</subfield>
  </datafield>
  <datafield tag="505" ind1=" " ind2=" ">
    <subfield code="a">Bibliografi: s. 407-413</subfield>
  </datafield>
  <datafield tag="505" ind1=" " ind2=" ">
    <subfield code="a">Kronologi: s. 421-424</subfield>
  </datafield>
  <datafield tag="590" ind1=" " ind2=" ">
    <subfield code="a">10-uke2a</subfield>
  </datafield>
  <datafield tag="599" ind1=" " ind2=" ">
    <subfield code="a">10x0118s</subfield>
  </datafield>
  <datafield tag="650" ind1=" " ind2="1">
    <subfield code="a">Kunst</subfield>
    <subfield code="x">Oslo</subfield>
    <subfield code="1">709.4821</subfield>
    <subfield code="4">d5</subfield>
    <subfield code="6">709.481 z</subfield>
    <subfield code="3">15233400</subfield>
  </datafield>
  <datafield tag="653" ind1=" " ind2="2">
    <subfield code="a">Offentlig utsmykking</subfield>
    <subfield code="3">32060200</subfield>
  </datafield>
  <datafield tag="695" ind1=" " ind2=" ">
    <subfield code="a">skulptur billedhoggerkunst</subfield>
  </datafield>
  <datafield tag="710" ind1=" " ind2="0">
    <subfield code="a">Oslo kommune</subfield>
    <subfield code="b">Kulturetaten</subfield>
    <subfield code="3">2043535700</subfield>
  </datafield>
  <datafield tag="850" ind1=" " ind2=" ">
    <subfield code="a">DEICHM</subfield>
    <subfield code="s">n</subfield>
  </datafield>
  <datafield tag="942" ind1=" " ind2=" ">
    <subfield code="c">L</subfield>
  </datafield>
  <datafield tag="952" ind1=" " ind2=" ">
    <subfield code="a">__AVDELINGSKODE__</subfield>
    <subfield code="b">__AVDELINGSKODE__</subfield>
    <subfield code="l">13</subfield>
    <subfield code="o">q 709.4821 Sør</subfield>
    <subfield code="p">03010922414001</subfield>
    <subfield code="t">1</subfield>
    <subfield code="y">L</subfield>
  </datafield>
  <datafield tag="999" ind1=" " ind2=" ">
    <subfield code="c">922414</subfield>
    <subfield code="d">922414</subfield>
  </datafield>
</record>